<?xml version="1.0" encoding="UTF-8"?><collection xmlns="http://www.loc.gov/MARC21/slim"><record><leader>00314nam--2200109-i-4500</leader><controlfield tag="001">000038882</controlfield><controlfield tag="002">20161230</controlfield><controlfield tag="005">20161230201042</controlfield><controlfield tag="008">060222s1000------------r-----000-0-eng-d</controlfield><datafield ind1=" " ind2=" " tag="245"><subfield code="a">Resistance welding. theory and use. prepared by resistance welding society</subfield></datafield><datafield ind1=" " ind2=" " tag="260"><subfield code="a">New York, Reinhold, 1956, Ix + 163p</subfield></datafield><datafield ind1=" " ind2=" " tag="852"><subfield code="a">12330</subfield></datafield></record></collection>